<record><leader>00000cas a22000007a 4500</leader><controlfield tag="001">13261298</controlfield><controlfield tag="008">860307d18801891wvuwr ne      0    0eng d</controlfield><datafield ind1=" " ind2=" " tag="010"><subfield code="a">sn 86092316 </subfield></datafield><datafield ind1=" " ind2=" " tag="040"><subfield code="a">WVC</subfield><subfield code="b">eng</subfield><subfield code="c">WVC</subfield><subfield code="d">DLC</subfield><subfield code="d">OCL</subfield><subfield code="d">OCLCQ</subfield></datafield><datafield ind1=" " ind2=" " tag="042"><subfield code="a">msc</subfield></datafield><datafield ind1="0" ind2="0" tag="050"><subfield code="a">Newspaper 10185-X</subfield></datafield><datafield ind1="0" ind2=" " tag="130"><subfield code="a">Tucker democrat (St. George, W. Va. : 1880)</subfield></datafield><datafield ind1="1" ind2="0" tag="245"><subfield code="a">Tucker democrat.</subfield></datafield><datafield ind1="1" ind2="3" tag="246"><subfield code="a">Democrat</subfield></datafield><datafield ind1=" " ind2=" " tag="260"><subfield code="a">St. George, W. Va. :</subfield><subfield code="b">Tucker Democrat Publ. Co.</subfield></datafield><datafield ind1=" " ind2=" " tag="300"><subfield code="a">v. ;</subfield><subfield code="c">51 cm.</subfield></datafield><datafield ind1=" " ind2=" " tag="310"><subfield code="a">Weekly</subfield></datafield><datafield ind1="1" ind2=" " tag="362"><subfield code="a">Began with Aug. 12, 1880 issue.</subfield><subfield code="z">Cf. Maxwell, Hu. Hist. of Tucker Co.</subfield></datafield><datafield ind1="1" ind2=" " tag="362"><subfield code="a">Ceased in 1891?</subfield><subfield code="z">Cf. Gregory, W. Amer. newspapers.</subfield></datafield><datafield ind1=" " ind2=" " tag="500"><subfield code="a">Publishers: James Porter Scott, 1880; Lloyd Hansford &amp; L.S. Auvil, 1880-1881; William M. Cayton, 1881-?</subfield></datafield><datafield ind1=" " ind2=" " tag="500"><subfield code="a">"Democratic." Cf. Ayer, 1891.</subfield></datafield><datafield ind1=" " ind2=" " tag="515"><subfield code="a">Only one issue was published after the Nov., 1880 election until Feb. 15, 1881.</subfield></datafield><datafield ind1=" " ind2=" " tag="588"><subfield code="a">Description based on: Vol. 1, no. 23 (Oct. 8, 1880).</subfield></datafield><datafield ind1=" " ind2=" " tag="752"><subfield code="a">United States</subfield><subfield code="b">West Virginia</subfield><subfield code="c">Tucker</subfield><subfield code="d">St. George.</subfield></datafield><datafield ind1="0" ind2="0" tag="785"><subfield code="t">Tucker County democrat</subfield><subfield code="w">(DLC)sn 86092317</subfield></datafield><datafield ind1="1" ind2=" " tag="029"><subfield code="a">AU@</subfield><subfield code="b">000025800148</subfield></datafield></record>